<record><leader>00000cas a22000007a 4500</leader><controlfield tag="001">10102079</controlfield><controlfield tag="008">831107d19201927ksuwr ne      0   a0eng d</controlfield><datafield ind1=" " ind2=" " tag="010"><subfield code="a">sn 83040784 </subfield></datafield><datafield ind1=" " ind2=" " tag="040"><subfield code="a">KSH</subfield><subfield code="b">eng</subfield><subfield code="c">KSH</subfield><subfield code="d">NPT</subfield><subfield code="d">OCLCQ</subfield></datafield><datafield ind1=" " ind2=" " tag="042"><subfield code="a">msc</subfield></datafield><datafield ind1=" " ind2=" " tag="043"><subfield code="a">n-us-ks</subfield></datafield><datafield ind1="0" ind2=" " tag="130"><subfield code="a">Ashland clipper (Ashland, Kan. : 1920)</subfield></datafield><datafield ind1="1" ind2="4" tag="245"><subfield code="a">The Ashland clipper.</subfield></datafield><datafield ind1=" " ind2=" " tag="260"><subfield code="a">Ashland, Kan. :</subfield><subfield code="b">Carl O. Hedrick,</subfield><subfield code="c">1920-1927.</subfield></datafield><datafield ind1=" " ind2=" " tag="300"><subfield code="a">7 v. :</subfield><subfield code="b">ill.</subfield></datafield><datafield ind1=" " ind2=" " tag="310"><subfield code="a">Weekly</subfield></datafield><datafield ind1="0" ind2=" " tag="362"><subfield code="a">Vol. 37, no. 1 (Aug. 5, 1920)-v. 43, no. 48 (June 23, 1927).</subfield></datafield><datafield ind1=" " ind2=" " tag="500"><subfield code="a">Published on Thursday.</subfield></datafield><datafield ind1=" " ind2=" " tag="530"><subfield code="a">Available on microfilm from Micro Photo.</subfield></datafield><datafield ind1="1" ind2=" " tag="700"><subfield code="a">Hedrick, Carl O.</subfield></datafield><datafield ind1=" " ind2=" " tag="752"><subfield code="a">United States</subfield><subfield code="b">Kansas</subfield><subfield code="c">Clark</subfield><subfield code="d">Ashland.</subfield></datafield><datafield ind1="0" ind2="0" tag="780"><subfield code="t">Ashland clipper and the Ashland record, consolidated</subfield><subfield code="w">(DLC)sn 83040793</subfield></datafield><datafield ind1="0" ind2="0" tag="785"><subfield code="t">Clark County clipper (Ashland, Kan. : 1927)</subfield><subfield code="w">(DLC)sn 86064043</subfield></datafield><datafield ind1="1" ind2=" " tag="029"><subfield code="a">AU@</subfield><subfield code="b">000025803614</subfield></datafield></record>